@online{physx,
  author = {Nvidia, Corp},
  title = {NVIDIA PhysX SDK},
  year = 2008,
  url = {https://github.com/NVIDIAGameWorks/PhysX},
  urldate = {2019-12-13}
}

@online{ue4chaos,
  author = {Epic Games, Inc},
  title = {Chaos Destruction Overview},
  year = 2019,
  url = {https://docs.unrealengine.com/en-US/Engine/Chaos/ChaosDestruction/ChaosDestructionOverview/index.html},
  urldate = {2019-12-13}
}


@online{ue4Niagara,
  author = {Epic Games, Inc},
  title = {Niagara Visual Effects},
  year = 2017,
  url = {https://docs.unrealengine.com/en-US/Engine/Niagara/index.html},
  urldate = {2019-12-13}
}


@online{ue4cascade,
  author = {Epic Games, Inc},
  title = {Cascade Particle Editor Reference},
  year = 2015,
  url = {https://docs.unrealengine.com/en-US/Engine/Rendering/ParticleSystems/Cascade/index.html},
  urldate = {2019-12-13}
}


@online{quixel,
  author = {Quixel},
  title = {Quixel Megascans},
  year = 2015,
  url = {https://quixel.com/},
  urldate = {2019-12-13}
}